<?xml version="1.0" encoding="UTF-8"?><record xmlns="http://www.loc.gov/MARC21/slim" xmlns:cinclude="http://apache.org/cocoon/include/1.0" xmlns:zs="http://www.loc.gov/zing/srw/">
  <leader>01294cz  a2200157n  4500</leader>
  <controlfield tag="001">no2007024760</controlfield>
  <controlfield tag="003">DLC</controlfield>
  <controlfield tag="005">20160412075243.0</controlfield>
  <controlfield tag="008">070306n| azannaabn          |n aaa     c</controlfield>
  <datafield tag="010" ind1=" " ind2=" ">
    <subfield code="a">no2007024760</subfield>
  </datafield>
  <datafield tag="035" ind1=" " ind2=" ">
    <subfield code="a">(OCoLC)oca07346121</subfield>
  </datafield>
  <datafield tag="040" ind1=" " ind2=" ">
    <subfield code="a">GU-Mu</subfield>
    <subfield code="b">eng</subfield>
    <subfield code="e">rda</subfield>
    <subfield code="c">GU-Mu</subfield>
    <subfield code="d">IEN-Mu</subfield>
  </datafield>
  <datafield tag="100" ind1="1" ind2=" ">
    <subfield code="a">Eötvös, Peter.</subfield>
    <subfield code="t">Triangel</subfield>
  </datafield>
  <datafield tag="670" ind1=" " ind2=" ">
    <subfield code="a">Grove music online, WWW site, March 6 2007</subfield>
    <subfield code="b">(Triangel, for percussion and orchestra, 1993)</subfield>
  </datafield>
  <datafield tag="670" ind1=" " ind2=" ">
    <subfield code="a">musicweb-international.com WWW site, March 6 2007</subfield>
    <subfield code="b">([Eötvös's] Triangel ... is a large scale work ... . Twenty-seven musicians are involved in its ten movements, which set compositional tasks and incorporate "exercises in hearing" and decision taking. The soloist begins by improvising on a small triangle and thereafter establishes different relationships with four groups of instruments, who have to demonstrate great flexibility. For instance, in the movement The glass street the soloist plays on glass bells, the woodwind players respond by blowing tuned glasses!. There is an "African" movement where he "teaches the people" to drum; no rehearsal, the performance as recorded having depended on the moment and the mood)</subfield>
  </datafield>
  <datafield tag="670" ind1=" " ind2=" ">
    <subfield code="a">Eötvös, P. Derwischtanz, c2001:</subfield>
    <subfield code="b">t.p. (Derwischtanz : für drei Klarinetten oder Klarinette Solo (aus "Triangel"))</subfield>
  </datafield>
</record>